@article{hirai1993food,
  title={Food consumption and nutrient intake and their relationship among Nepalese},
  author={Hirai, Kazuko and Nakayama, Jonko and Sonoda, Mitsuko and Ohno, Yoshimi and Okuno, Yoshinobu and Nagata, Kumiko and Tamura, Toshihide and Sakya, Hem N and Shrestha, Mathura P},
  journal={Nutrition Research},
  volume={13},
  number={9},
  pages={987--994},
  year={1993},
  publisher={Elsevier}
}

@article{edreira2011heat,
  title={Heat stress effects around flowering on kernel set of temperate and tropical maize hybrids},
  author={Edreira, JI Rattalino and Carpici, E Budakli and Sammarro, D and Otegui, Maria Elena},
  journal={Field Crops Research},
  volume={123},
  number={2},
  pages={62--73},
  year={2011},
  publisher={Elsevier}
}

@article{echarte2006kernel,
  title={Kernel set in maize hybrids and their inbred lines exposed to stress},
  author={Echarte, Laura and Tollenaar, Matthijs},
  journal={Crop science},
  volume={46},
  number={2},
  pages={870--878},
  year={2006},
  publisher={Wiley Online Library}
}

@article{mukamuhirwa2019concurrent,
  title={Concurrent drought and temperature stress in riceâ€”a possible result of the predicted climate change: effects on yield attributes, eating characteristics, and health promoting compounds},
  author={Mukamuhirwa, Alphonsine and Persson Hovmalm, Helena and Bolinsson, Hans and Ortiz, Rodomiro and Nyamangyoku, Obedi and Johansson, Eva},
  journal={International journal of environmental research and public health},
  volume={16},
  number={6},
  pages={1043},
  year={2019},
  publisher={Multidisciplinary Digital Publishing Institute}
}

@article{sehgal2017effects,
  title={Effects of drought, heat and their interaction on the growth, yield and photosynthetic function of lentil (Lens culinaris Medikus) genotypes varying in heat and drought sensitivity},
  author={Sehgal, Akanksha and Sita, Kumari and Kumar, Jitendra and Kumar, Shiv and Singh, Sarvjeet and Siddique, Kadambot HM and Nayyar, Harsh},
  journal={Frontiers in plant science},
  volume={8},
  pages={1776},
  year={2017},
  publisher={Frontiers}
}

@article{zhao2016difference,
  title={The difference of physiological and proteomic changes in maize leaves adaptation to drought, heat, and combined both stresses},
  author={Zhao, Feiyun and Zhang, Dayong and Zhao, Yulong and Wang, Wei and Yang, Hao and Tai, Fuju and Li, Chaohai and Hu, Xiuli},
  journal={Frontiers in plant science},
  volume={7},
  pages={1471},
  year={2016},
  publisher={Frontiers}
}

@article{obata2015metabolite,
  title={Metabolite profiles of maize leaves in drought, heat, and combined stress field trials reveal the relationship between metabolism and grain yield},
  author={Obata, Toshihiro and Witt, Sandra and Lisec, Jan and Palacios-Rojas, Natalia and Florez-Sarasa, Igor and Yousfi, Salima and Araus, Jose Luis and Cairns, Jill E and Fernie, Alisdair R},
  journal={Plant Physiology},
  volume={169},
  number={4},
  pages={2665--2683},
  year={2015},
  publisher={Am Soc Plant Biol}
}

@article{niyogi2015crop,
  title={Crop models capture the impacts of climate variability on corn yield},
  author={Niyogi, Dev and Liu, Xing and Andresen, Jeff and Song, Yang and Jain, Atul K and Kellner, Olivia and Takle, Eugene S and Doering, Otto C},
  journal={Geophysical Research Letters},
  volume={42},
  number={9},
  pages={3356--3363},
  year={2015},
  publisher={Wiley Online Library}
}

@article{barnabas2008effect,
  title={The effect of drought and heat stress on reproductive processes in cereals},
  author={Barnab{\'a}s, Be{\'a}ta and J{\"a}ger, Katalin and Feh{\'e}r, Attila},
  journal={Plant, cell \& environment},
  volume={31},
  number={1},
  pages={11--38},
  year={2008},
  publisher={Wiley Online Library}
}

@article{chen2012characterization,
  title={Characterization of maize inbred lines for drought and heat tolerance},
  author={Chen, Junping and Xu, W and Velten, Jeffrey and Xin, Zhanguo and Stout, John},
  journal={Journal of soil and water conservation},
  volume={67},
  number={5},
  pages={354--364},
  year={2012},
  publisher={Soil and Water Conservation Society}
}

@article{bita2013plant,
  title={Plant tolerance to high temperature in a changing environment: scientific fundamentals and production of heat stress-tolerant crops},
  author={Bita, Craita and Gerats, Tom},
  journal={Frontiers in plant science},
  volume={4},
  pages={273},
  year={2013},
  publisher={Frontiers}
}

@article{campo2012expression,
  title={Expression of the maize ZmGF14-6 gene in rice confers tolerance to drought stress while enhancing susceptibility to pathogen infection},
  author={Campo, Sonia and Peris-Peris, Cristina and Montesinos, Laura and Pe{\~n}as, Gisela and Messeguer, Joaquima and San Segundo, Blanca},
  journal={Journal of experimental botany},
  volume={63},
  number={2},
  pages={983--999},
  year={2012},
  publisher={Oxford University Press}
}

@article{janni2020molecular,
  title={Molecular and genetic bases of heat stress responses in crop plants and breeding for increased resilience and productivity},
  author={Janni, Michela and Gull{\`\i}, Mariolina and Maestri, Elena and Marmiroli, Marta and Valliyodan, Babu and Nguyen, Henry T and Marmiroli, Nelson},
  journal={Journal of Experimental Botany},
  year={2020}
}

@article{kumar2012comparative,
  title={Comparative response of maize and rice genotypes to heat stress: status of oxidative stress and antioxidants},
  author={Kumar, Sanjeev and Gupta, Deepti and Nayyar, Harsh},
  journal={Acta Physiologiae Plantarum},
  volume={34},
  number={1},
  pages={75--86},
  year={2012},
  publisher={Springer}
}

@article{tardieu2010dissection,
  title={Dissection and modelling of abiotic stress tolerance in plants},
  author={Tardieu, Francois and Tuberosa, Roberto},
  journal={Current opinion in plant biology},
  volume={13},
  number={2},
  pages={206--212},
  year={2010},
  publisher={Elsevier}
}

@article{des2010pleiotropy,
  title={Pleiotropy, plasticity, and the evolution of plant abiotic stress tolerance},
  author={Des Marais, David L and Juenger, Thomas E},
  journal={Annals of the New York Academy of Sciences},
  volume={1206},
  number={1},
  pages={56--79},
  year={2010},
  publisher={Blackwell Publishing Inc Malden, USA}
}

@incollection{singh2009varietal,
  title={Varietal improvement for abiotic stress tolerance in crop plants: special reference to salinity in rice},
  author={Singh, Rakesh Kumar and Redo{\~n}a, Edilberto and Refuerzo, Luzminda},
  booktitle={Abiotic stress adaptation in plants},
  pages={387--415},
  year={2009},
  publisher={Springer}
}