@Manual{R-assertthat,
  title = {assertthat: Easy Pre and Post Assertions},
  author = {Hadley Wickham},
  year = {2019},
  note = {R package version 0.2.1},
  url = {https://CRAN.R-project.org/package=assertthat},
}
@Manual{R-backports,
  title = {backports: Reimplementations of Functions Introduced Since R-3.0.0},
  author = {Michel Lang and {R Core Team}},
  year = {2019},
  note = {R package version 1.1.4},
  url = {https://CRAN.R-project.org/package=backports},
}
@Manual{R-base,
  title = {R: A Language and Environment for Statistical Computing},
  author = {{R Core Team}},
  organization = {R Foundation for Statistical Computing},
  address = {Vienna, Austria},
  year = {2019},
  url = {https://www.R-project.org/},
}
@Manual{R-boot,
  title = {boot: Bootstrap Functions (Originally by Angelo Canty for S)},
  author = {Angelo Canty and Brian Ripley},
  year = {2019},
  note = {R package version 1.3-23},
  url = {https://CRAN.R-project.org/package=boot},
}
@Manual{R-broom,
  title = {broom: Convert Statistical Analysis Objects into Tidy Tibbles},
  author = {David Robinson and Alex Hayes},
  year = {2019},
  note = {R package version 0.5.2},
  url = {https://CRAN.R-project.org/package=broom},
}
@Manual{R-cellranger,
  title = {cellranger: Translate Spreadsheet Cell Ranges to Rows and Columns},
  author = {Jennifer Bryan},
  year = {2016},
  note = {R package version 1.1.0},
  url = {https://CRAN.R-project.org/package=cellranger},
}
@Manual{R-cli,
  title = {cli: Helpers for Developing Command Line Interfaces},
  author = {Gábor Csárdi},
  year = {2019},
  note = {R package version 1.1.0},
  url = {https://CRAN.R-project.org/package=cli},
}
@Manual{R-colorspace,
  title = {colorspace: A Toolbox for Manipulating and Assessing Colors and Palettes},
  author = {Ross Ihaka and Paul Murrell and Kurt Hornik and Jason C. Fisher and Reto Stauffer and Claus O. Wilke and Claire D. McWhite and Achim Zeileis},
  year = {2019},
  note = {R package version 1.4-1},
  url = {https://CRAN.R-project.org/package=colorspace},
}
@Manual{R-crayon,
  title = {crayon: Colored Terminal Output},
  author = {Gábor Csárdi},
  year = {2017},
  note = {R package version 1.3.4},
  url = {https://CRAN.R-project.org/package=crayon},
}
@Manual{R-digest,
  title = {digest: Create Compact Hash Digests of R Objects},
  author = {Dirk Eddelbuettel with contributions by Antoine Lucas and Jarek Tuszynski and Henrik Bengtsson and Simon Urbanek and Mario Frasca and Bryan Lewis and Murray Stokely and Hannes Muehleisen and Duncan Murdoch and Jim Hester and Wush Wu and Qiang Kou and Thierry Onkelinx and Michel Lang and Viliam Simko and Kurt Hornik and Radford Neal and Kendon Bell.},
  year = {2019},
  note = {R package version 0.6.19},
  url = {https://CRAN.R-project.org/package=digest},
}
@Manual{R-dplyr,
  title = {dplyr: A Grammar of Data Manipulation},
  author = {Hadley Wickham and Romain François and Lionel Henry and Kirill Müller},
  year = {2019},
  note = {R package version 0.8.1},
  url = {https://CRAN.R-project.org/package=dplyr},
}
@Manual{R-evaluate,
  title = {evaluate: Parsing and Evaluation Tools that Provide More Details than the
Default},
  author = {Hadley Wickham and Yihui Xie},
  year = {2019},
  note = {R package version 0.13},
  url = {https://CRAN.R-project.org/package=evaluate},
}
@Manual{R-fansi,
  title = {fansi: ANSI Control Sequence Aware String Functions},
  author = {Brodie Gaslam},
  year = {2018},
  note = {R package version 0.4.0},
  url = {https://CRAN.R-project.org/package=fansi},
}
@Manual{R-forcats,
  title = {forcats: Tools for Working with Categorical Variables (Factors)},
  author = {Hadley Wickham},
  year = {2019},
  note = {R package version 0.4.0},
  url = {https://CRAN.R-project.org/package=forcats},
}
@Manual{R-generics,
  title = {generics: Common S3 Generics not Provided by Base R Methods Related to
Model Fitting},
  author = {Max Kuhn and Hadley Wickham and Davis Vaughan},
  year = {2018},
  note = {R package version 0.0.2},
  url = {https://CRAN.R-project.org/package=generics},
}
@Manual{R-ggplot2,
  title = {ggplot2: Create Elegant Data Visualisations Using the Grammar of Graphics},
  author = {Hadley Wickham and Winston Chang and Lionel Henry and Thomas Lin Pedersen and Kohske Takahashi and Claus Wilke and Kara Woo and Hiroaki Yutani},
  year = {2019},
  note = {R package version 3.2.0},
  url = {https://CRAN.R-project.org/package=ggplot2},
}
@Manual{R-glue,
  title = {glue: Interpreted String Literals},
  author = {Jim Hester},
  year = {2019},
  note = {R package version 1.3.1},
  url = {https://CRAN.R-project.org/package=glue},
}
@Manual{R-gridExtra,
  title = {gridExtra: Miscellaneous Functions for "Grid" Graphics},
  author = {Baptiste Auguie},
  year = {2017},
  note = {R package version 2.3},
  url = {https://CRAN.R-project.org/package=gridExtra},
}
@Manual{R-gtable,
  title = {gtable: Arrange 'Grobs' in Tables},
  author = {Hadley Wickham and Thomas Lin Pedersen},
  year = {2019},
  note = {R package version 0.3.0},
  url = {https://CRAN.R-project.org/package=gtable},
}
@Manual{R-haven,
  title = {haven: Import and Export 'SPSS', 'Stata' and 'SAS' Files},
  author = {Hadley Wickham and Evan Miller},
  year = {2019},
  note = {R package version 2.1.0},
  url = {https://CRAN.R-project.org/package=haven},
}
@Manual{R-hms,
  title = {hms: Pretty Time of Day},
  author = {Kirill Müller},
  year = {2018},
  note = {R package version 0.4.2},
  url = {https://CRAN.R-project.org/package=hms},
}
@Manual{R-htmltools,
  title = {htmltools: Tools for HTML},
  author = {{RStudio} and {Inc.}},
  year = {2017},
  note = {R package version 0.3.6},
  url = {https://CRAN.R-project.org/package=htmltools},
}
@Manual{R-httr,
  title = {httr: Tools for Working with URLs and HTTP},
  author = {Hadley Wickham},
  year = {2018},
  note = {R package version 1.4.0},
  url = {https://CRAN.R-project.org/package=httr},
}
@Manual{R-jsonlite,
  title = {jsonlite: A Robust, High Performance JSON Parser and Generator for R},
  author = {Jeroen Ooms and Duncan {Temple Lang} and Lloyd Hilaiel},
  year = {2018},
  note = {R package version 1.6},
  url = {https://CRAN.R-project.org/package=jsonlite},
}
@Manual{R-kableExtra,
  title = {kableExtra: Construct Complex Table with 'kable' and Pipe Syntax},
  author = {Hao Zhu},
  year = {2019},
  note = {R package version 1.1.0},
  url = {https://CRAN.R-project.org/package=kableExtra},
}
@Manual{R-knitr,
  title = {knitr: A General-Purpose Package for Dynamic Report Generation in R},
  author = {Yihui Xie},
  year = {2019},
  note = {R package version 1.23},
  url = {https://CRAN.R-project.org/package=knitr},
}
@Manual{R-labeling,
  title = {labeling: Axis Labeling},
  author = {Justin Talbot},
  year = {2014},
  note = {R package version 0.3},
  url = {https://CRAN.R-project.org/package=labeling},
}
@Manual{R-lattice,
  title = {lattice: Trellis Graphics for R},
  author = {Deepayan Sarkar},
  year = {2018},
  note = {R package version 0.20-38},
  url = {https://CRAN.R-project.org/package=lattice},
}
@Manual{R-lazyeval,
  title = {lazyeval: Lazy (Non-Standard) Evaluation},
  author = {Hadley Wickham},
  year = {2019},
  note = {R package version 0.2.2},
  url = {https://CRAN.R-project.org/package=lazyeval},
}
@Manual{R-lme4,
  title = {lme4: Linear Mixed-Effects Models using 'Eigen' and S4},
  author = {Douglas Bates and Martin Maechler and Ben Bolker and Steven Walker},
  year = {2019},
  note = {R package version 1.1-21},
  url = {https://CRAN.R-project.org/package=lme4},
}
@Manual{R-lubridate,
  title = {lubridate: Make Dealing with Dates a Little Easier},
  author = {Vitalie Spinu and Garrett Grolemund and Hadley Wickham},
  year = {2018},
  note = {R package version 1.7.4},
  url = {https://CRAN.R-project.org/package=lubridate},
}
@Manual{R-magrittr,
  title = {magrittr: A Forward-Pipe Operator for R},
  author = {Stefan Milton Bache and Hadley Wickham},
  year = {2014},
  note = {R package version 1.5},
  url = {https://CRAN.R-project.org/package=magrittr},
}
@Manual{R-MASS,
  title = {MASS: Support Functions and Datasets for Venables and Ripley's MASS},
  author = {Brian Ripley},
  year = {2018},
  note = {R package version 7.3-51.1},
  url = {https://CRAN.R-project.org/package=MASS},
}
@Manual{R-Matrix,
  title = {Matrix: Sparse and Dense Matrix Classes and Methods},
  author = {Douglas Bates and Martin Maechler},
  year = {2019},
  note = {R package version 1.2-17},
  url = {https://CRAN.R-project.org/package=Matrix},
}
@Manual{R-minqa,
  title = {minqa: Derivative-free optimization algorithms by quadratic
approximation},
  author = {Douglas Bates and Katharine M. Mullen and John C. Nash and Ravi Varadhan},
  year = {2014},
  note = {R package version 1.2.4},
  url = {https://CRAN.R-project.org/package=minqa},
}
@Manual{R-modelr,
  title = {modelr: Modelling Functions that Work with the Pipe},
  author = {Hadley Wickham},
  year = {2019},
  note = {R package version 0.1.4},
  url = {https://CRAN.R-project.org/package=modelr},
}
@Manual{R-munsell,
  title = {munsell: Utilities for Using Munsell Colours},
  author = {Charlotte Wickham},
  year = {2018},
  note = {R package version 0.5.0},
  url = {https://CRAN.R-project.org/package=munsell},
}
@Manual{R-nlme,
  title = {nlme: Linear and Nonlinear Mixed Effects Models},
  author = {José Pinheiro and Douglas Bates and {R-core}},
  year = {2019},
  note = {R package version 3.1-140},
  url = {https://CRAN.R-project.org/package=nlme},
}
@Manual{R-nloptr,
  title = {nloptr: R Interface to NLopt},
  author = {Jelmer Ypma and with contributions by Hans W. Borchers and Dirk Eddelbuettel},
  year = {2018},
  note = {R package version 1.2.1},
  url = {https://CRAN.R-project.org/package=nloptr},
}
@Manual{R-pillar,
  title = {pillar: Coloured Formatting for Columns},
  author = {Kirill Müller and Hadley Wickham},
  year = {2019},
  note = {R package version 1.4.0},
  url = {https://CRAN.R-project.org/package=pillar},
}
@Manual{R-pkgconfig,
  title = {pkgconfig: Private Configuration for 'R' Packages},
  author = {Gábor Csárdi},
  year = {2018},
  note = {R package version 2.0.2},
  url = {https://CRAN.R-project.org/package=pkgconfig},
}
@Manual{R-purrr,
  title = {purrr: Functional Programming Tools},
  author = {Lionel Henry and Hadley Wickham},
  year = {2019},
  note = {R package version 0.3.2},
  url = {https://CRAN.R-project.org/package=purrr},
}
@Manual{R-R6,
  title = {R6: Encapsulated Classes with Reference Semantics},
  author = {Winston Chang},
  year = {2019},
  note = {R package version 2.4.0},
  url = {https://CRAN.R-project.org/package=R6},
}
@Manual{R-Rcpp,
  title = {Rcpp: Seamless R and C++ Integration},
  author = {Dirk Eddelbuettel and Romain Francois and JJ Allaire and Kevin Ushey and Qiang Kou and Nathan Russell and Douglas Bates and John Chambers},
  year = {2019},
  note = {R package version 1.0.1},
  url = {https://CRAN.R-project.org/package=Rcpp},
}
@Manual{R-readr,
  title = {readr: Read Rectangular Text Data},
  author = {Hadley Wickham and Jim Hester and Romain Francois},
  year = {2018},
  note = {R package version 1.3.1},
  url = {https://CRAN.R-project.org/package=readr},
}
@Manual{R-readxl,
  title = {readxl: Read Excel Files},
  author = {Hadley Wickham and Jennifer Bryan},
  year = {2019},
  note = {R package version 1.3.1},
  url = {https://CRAN.R-project.org/package=readxl},
}
@Manual{R-rlang,
  title = {rlang: Functions for Base Types and Core R and 'Tidyverse' Features},
  author = {Lionel Henry and Hadley Wickham},
  year = {2019},
  note = {R package version 0.3.4},
  url = {https://CRAN.R-project.org/package=rlang},
}
@Manual{R-rmarkdown,
  title = {rmarkdown: Dynamic Documents for R},
  author = {JJ Allaire and Yihui Xie and Jonathan McPherson and Javier Luraschi and Kevin Ushey and Aron Atkins and Hadley Wickham and Joe Cheng and Winston Chang and Richard Iannone},
  year = {2019},
  note = {R package version 1.13},
  url = {https://CRAN.R-project.org/package=rmarkdown},
}
@Manual{R-rstudioapi,
  title = {rstudioapi: Safely Access the RStudio API},
  author = {Kevin Ushey and JJ Allaire and Hadley Wickham and Gary Ritchie},
  year = {2019},
  note = {R package version 0.10},
  url = {https://CRAN.R-project.org/package=rstudioapi},
}
@Manual{R-rvest,
  title = {rvest: Easily Harvest (Scrape) Web Pages},
  author = {Hadley Wickham},
  year = {2019},
  note = {R package version 0.3.4},
  url = {https://CRAN.R-project.org/package=rvest},
}
@Manual{R-scales,
  title = {scales: Scale Functions for Visualization},
  author = {Hadley Wickham},
  year = {2018},
  note = {R package version 1.0.0},
  url = {https://CRAN.R-project.org/package=scales},
}
@Manual{R-stringi,
  title = {stringi: Character String Processing Facilities},
  author = {Marek Gagolewski and Bartek Tartanus and and other contributors; IBM and {Unicode} and {Inc.} and other contributors; Unicode and {Inc.}},
  year = {2019},
  note = {R package version 1.4.3},
  url = {https://CRAN.R-project.org/package=stringi},
}
@Manual{R-stringr,
  title = {stringr: Simple, Consistent Wrappers for Common String Operations},
  author = {Hadley Wickham},
  year = {2019},
  note = {R package version 1.4.0},
  url = {https://CRAN.R-project.org/package=stringr},
}
@Manual{R-tibble,
  title = {tibble: Simple Data Frames},
  author = {Kirill Müller and Hadley Wickham},
  year = {2019},
  note = {R package version 2.1.3},
  url = {https://CRAN.R-project.org/package=tibble},
}
@Manual{R-tidyr,
  title = {tidyr: Easily Tidy Data with 'spread()' and 'gather()' Functions},
  author = {Hadley Wickham and Lionel Henry},
  year = {2019},
  note = {R package version 0.8.3},
  url = {https://CRAN.R-project.org/package=tidyr},
}
@Manual{R-tidyselect,
  title = {tidyselect: Select from a Set of Strings},
  author = {Lionel Henry and Hadley Wickham},
  year = {2018},
  note = {R package version 0.2.5},
  url = {https://CRAN.R-project.org/package=tidyselect},
}
@Manual{R-tidyverse,
  title = {tidyverse: Easily Install and Load the 'Tidyverse'},
  author = {Hadley Wickham},
  year = {2017},
  note = {R package version 1.2.1},
  url = {https://CRAN.R-project.org/package=tidyverse},
}
@Manual{R-utf8,
  title = {utf8: Unicode Text Processing},
  author = {Patrick O. Perry},
  year = {2018},
  note = {R package version 1.1.4},
  url = {https://CRAN.R-project.org/package=utf8},
}
@Manual{R-vctrs,
  title = {vctrs: Vector Helpers},
  author = {Hadley Wickham},
  year = {2018},
  note = {R package version 0.1.0},
  url = {https://CRAN.R-project.org/package=vctrs},
}
@Manual{R-viridis,
  title = {viridis: Default Color Maps from 'matplotlib'},
  author = {Simon Garnier},
  year = {2018},
  note = {R package version 0.5.1},
  url = {https://CRAN.R-project.org/package=viridis},
}
@Manual{R-viridisLite,
  title = {viridisLite: Default Color Maps from 'matplotlib' (Lite Version)},
  author = {Simon Garnier},
  year = {2018},
  note = {R package version 0.3.0},
  url = {https://CRAN.R-project.org/package=viridisLite},
}
@Manual{R-webshot,
  title = {webshot: Take Screenshots of Web Pages},
  author = {Winston Chang},
  year = {2018},
  note = {R package version 0.5.1},
  url = {https://CRAN.R-project.org/package=webshot},
}
@Manual{R-withr,
  title = {withr: Run Code 'With' Temporarily Modified Global State},
  author = {Jim Hester and Kirill Müller and Kevin Ushey and Hadley Wickham and Winston Chang},
  year = {2018},
  note = {R package version 2.1.2},
  url = {https://CRAN.R-project.org/package=withr},
}
@Manual{R-xfun,
  title = {xfun: Miscellaneous Functions by 'Yihui Xie'},
  author = {Yihui Xie},
  year = {2019},
  note = {R package version 0.7},
  url = {https://CRAN.R-project.org/package=xfun},
}
@Manual{R-xml2,
  title = {xml2: Parse XML},
  author = {Hadley Wickham and James Hester and Jeroen Ooms},
  year = {2018},
  note = {R package version 1.2.0},
  url = {https://CRAN.R-project.org/package=xml2},
}
@Manual{R-yaml,
  title = {yaml: Methods to Convert R Data to YAML and Back},
  author = {Jeremy Stephens and Kirill Simonov and Yihui Xie and Zhuoer Dong and Hadley Wickham and Jeffrey Horner and {reikoch} and Will Beasley and Brendan O'Connor and Gregory R. Warnes},
  year = {2018},
  note = {R package version 2.2.0},
  url = {https://CRAN.R-project.org/package=yaml},
}
@Manual{R-zeallot,
  title = {zeallot: Multiple, Unpacking, and Destructuring Assignment},
  author = {Nathan Teetor},
  year = {2018},
  note = {R package version 0.1.0},
  url = {https://CRAN.R-project.org/package=zeallot},
}
